<record><leader>00000cas a22000007a 4500</leader><controlfield tag="001">20373124</controlfield><controlfield tag="008">890920d19211953mduwr ne      0    0eng d</controlfield><datafield ind1=" " ind2=" " tag="010"><subfield code="a">sn 89060127 </subfield></datafield><datafield ind1=" " ind2=" " tag="040"><subfield code="a">MFN</subfield><subfield code="b">eng</subfield><subfield code="c">MFN</subfield><subfield code="d">OCLCQ</subfield></datafield><datafield ind1=" " ind2=" " tag="042"><subfield code="a">msc</subfield></datafield><datafield ind1="0" ind2="0" tag="245"><subfield code="a">Worcester Democrat and the ledger-enterprise.</subfield></datafield><datafield ind1=" " ind2=" " tag="260"><subfield code="a">Pocomoke City, Md. :</subfield><subfield code="b">Sam'l. M. Crockett</subfield></datafield><datafield ind1=" " ind2=" " tag="300"><subfield code="a">v.</subfield></datafield><datafield ind1=" " ind2=" " tag="310"><subfield code="a">Weekly</subfield></datafield><datafield ind1="1" ind2=" " tag="362"><subfield code="a">Began in 1921?</subfield></datafield><datafield ind1="0" ind2=" " tag="362"><subfield code="a">-v. 73, no. 39 (Sep. 24, 1953).</subfield></datafield><datafield ind1=" " ind2=" " tag="588"><subfield code="a">Description based on: Vol. 41, no. 2 (Jan. 8, 1921).</subfield></datafield><datafield ind1=" " ind2=" " tag="752"><subfield code="a">United States</subfield><subfield code="b">Maryland</subfield><subfield code="c">Worcester</subfield><subfield code="d">Pocomoke City.</subfield></datafield><datafield ind1="0" ind2="4" tag="780"><subfield code="t">Ledger-enterprise (Pocomoke City, Md.)</subfield><subfield code="w">(DLC)sn 89060096</subfield></datafield><datafield ind1="0" ind2="4" tag="780"><subfield code="t">Worcester Democrat (Pocomoke City, Md. : 1880)</subfield><subfield code="w">(DLC)sn 89061535</subfield></datafield><datafield ind1="0" ind2="0" tag="785"><subfield code="t">Worcester Democrat (Pocomoke City, Md. : 1953)</subfield><subfield code="w">(DLC)sn 89060128</subfield></datafield><datafield ind1="1" ind2=" " tag="029"><subfield code="a">AU@</subfield><subfield code="b">000025847480</subfield></datafield></record>